@InCollection{LagacherieEtAl2007a,
  Title                    = {Spatial soil information systems and spatial soil inference systems: perspectives for digital soil mapping},
  Author                   = {P. Lagacherie and A. B. McBratney},
  Booktitle                = {Digital soil mapping -- an introductory perspective},
  Publisher                = {Elsevier},
  Year                     = {2007},
  Chapter                  = {1},
  Editor                   = {P. Lagacherie, A.B. McBratney and M. Voltz},
  Pages                    = {3 - 22},
  Series                   = {Developments in Soil Science},
  Volume                   = {31},
  DOI                      = {10.1016/S0166-2481(06)31001-X},
  ISSN                     = {0166-2481}
}
@Article{MaEtAl2019,
  author    = {Yuxin Ma and Budiman Minasny and Brendan P. Malone and Alex B. Mcbratney},
  title     = {Pedology and digital soil mapping ({DSM})},
  journal   = {European Journal of Soil Science},
  year      = {2019},
  number    = {2},
  pages     = {216--235},
  volume    = {70},
  month     = {3},
  doi       = {10.1111/ejss.12790},
  publisher = {Wiley}
}
@MastersThesis{Guimaraes1993,
  author      = {Guimar√£es, Ednaldo Carvalho},
  title       = {Variabilidade espacial da umidade da densidade do solo em um {L}atossolo {R}oxo},
  institution = {Universidade Estadual de Campinas, Faculdade de Engenharia Agricola},
  year        = {1993},
  url         = {http://www.repositorio.unicamp.br/handle/REPOSIP/257457}
}
@Article{HenglEtAl2014,
  author    = {Hengl, Tomislav and Jesus, Jorge Mendes de and MacMillan, Robert A. and Batjes, Niels H. and Heuvelink, Gerard B. M. and Ribeiro, Eloi and Samuel-Rosa, Alessandro and Kempen, Bas and Leenaars, Johan G. B. and Walsh, Markus G. and Maria Ruiperez Gonzalez},
  title     = {Soil{G}rids1km--global soil information based on automated mapping},
  journal   = {PLoS ONE},
  year      = {2014},
  number    = {8},
  pages     = {e105992},
  editor    = {Bond-Lamberty, BenEditor},
  volume    = {9},
  doi       = {10.1371/journal.pone.0105992},
  publisher = {Public Library of Science (PLoS)}
}
@Article{AlhoEtAl2019,
  author    = {Carlos Francisco Braz{\~{a}}o Vieira Alho and Alessandro Samuel-Rosa and Gilvan Coimbra Martins and Tjisse Hiemstra and Thomas W. Kuyper and Wenceslau Geraldes Teixeira},
  title     = {Spatial variation of carbon and nutrients stocks in {A}mazonian {D}ark {E}arth},
  journal   = {Geoderma},
  year      = {2019},
  pages     = {322--332},
  volume    = {337},
  month     = {mar},
  doi       = {10.1016/j.geoderma.2018.09.040},
  publisher = {Elsevier {BV}}
}
