@InCollection{LagacherieEtAl2007a,
  Title                    = {Spatial soil information systems and spatial soil inference systems: perspectives for digital soil mapping},
  Author                   = {P. Lagacherie and A. B. McBratney},
  Booktitle                = {Digital soil mapping -- an introductory perspective},
  Publisher                = {Elsevier},
  Year                     = {2007},
  Chapter                  = {1},
  Editor                   = {P. Lagacherie, A.B. McBratney and M. Voltz},
  Pages                    = {3 - 22},
  Series                   = {Developments in Soil Science},
  Volume                   = {31},
  DOI                      = {10.1016/S0166-2481(06)31001-X},
  ISSN                     = {0166-2481}
}
@Article{MaEtAl2019,
  author    = {Yuxin Ma and Budiman Minasny and Brendan P. Malone and Alex B. Mcbratney},
  title     = {Pedology and digital soil mapping ({DSM})},
  journal   = {European Journal of Soil Science},
  year      = {2019},
  number    = {2},
  pages     = {216--235},
  volume    = {70},
  month     = {3},
  doi       = {10.1111/ejss.12790},
  publisher = {Wiley}
}
@Article{Breiman2001a,
  author    = {Leo Breiman},
  title     = {Statistical Modeling: The Two Cultures},
  journal   = {Statistical Science},
  year      = {2001},
  number    = {3},
  pages     = {199--215},
  url       = {http://www.jstor.org/stable/2676681},
  volume    = {16},
  issn      = {08834237},
  publisher = {Institute of Mathematical Statistics},
}
@Article{Florinsky2012,
  author      = {Florinsky, I. V.},
  title       = {The {D}okuchaev hypothesis as a basis for predictive digital soil mapping (on the 125th anniversary of its publication)},
  journal     = {Eurasian Soil Science},
  year        = {2012},
  pages       = {445--451},
  issue       = {4},
  volume      = {45},
  issn        = {1064-2293},
  doi         = {10.1134/S1064229312040047},
  publisher   = {MAIK Nauka/Interperiodica distributed exclusively by Springer Science+Business Media LLC.}
}
@Book{Jenny1941,
  author    = {Hans Jenny},
  title     = {Factors of soil formation -- a system of quantitative pedology},
  year      = {1941},
  publisher = {Dover Publications},
  isbn      = {0-486-68128-9},
  pages     = {281},
  address   = {Toronto}
}
@Article{JennyEtAl1934,
  author    = {Hans Jenny and Chester D. Leonard},
  title     = {Functional relationships between soil properties and rainfall},
  journal   = {Soil Science},
  year      = {1934},
  number    = {5},
  pages     = {363--382},
  volume    = {38},
  month     = {nov},
  doi       = {10.1097/00010694-193411000-00004},
   publisher = {Ovid Technologies (Wolters Kluwer Health)},
}
@Article{FourcadeEtAl2017,
  author    = {Yoan Fourcade and Aur{\'{e}}lien G. Besnard and Jean Secondi},
  title     = {Paintings predict the distribution of species, or the challenge of selecting environmental predictors and evaluation statistics},
  journal   = {Global Ecology and Biogeography},
  year      = {2017},
  number    = {2},
  pages     = {245--256},
  volume    = {27},
  month     = {nov},
  doi       = {10.1111/geb.12684},
  publisher = {Wiley},
}
@Article{HenglEtAl2014,
  author    = {Hengl, Tomislav and Jesus, Jorge Mendes de and MacMillan, Robert A. and Batjes, Niels H. and Heuvelink, Gerard B. M. and Ribeiro, Eloi and Samuel-Rosa, Alessandro and Kempen, Bas and Leenaars, Johan G. B. and Walsh, Markus G. and Maria Ruiperez Gonzalez},
  title     = {Soil{G}rids1km--global soil information based on automated mapping},
  journal   = {PLoS ONE},
  year      = {2014},
  number    = {8},
  pages     = {e105992},
  editor    = {Bond-Lamberty, BenEditor},
  volume    = {9},
  doi       = {10.1371/journal.pone.0105992},
  publisher = {Public Library of Science (PLoS)},
}
