@Book{xie2015,
  title = {Dynamic Documents with {R} and knitr},
  author = {Yihui Xie},
  publisher = {Chapman and Hall/CRC},
  address = {Boca Raton, Florida},
  year = {2015},
  edition = {2nd},
  note = {ISBN 978-1498716963},
  url = {http://yihui.org/knitr/},
}
@incollection{OliveiraEtAl2018b,
  title = {Cap\'itulo 2. Solos da XI Reuni\~ao Brasileira de Classifica\c{c}\~ao e Correla\c{c}\~ao de Solos (RCC de Roraima)},
  booktitle = {Guia de Campo da XI Reuni\~ao Brasileira de Classifica\c{c}\~ao e Correla\c{c}\~ao de Solos: RCC de Roraima},
  author = {de Oliveira, Virlei {\'A}lvaro and do Vale J{\'u}nior, Jos{\'e} Frutuoso and Schaefer, Carlos Ernesto Gon{\c c}alves Reynaud and Lumbreras, Jos{\'e} Francisco and Coelho, Maur{\'i}cio Rizzato and Melo, Valdinar Ferreira and Campos, Milton C{\'e}sar Costa and Corr{\^e}a, Guilherme Resende and Calderano, Sebasti{\~a}o Barreiros and Ker, Jo{\~a}o Carlos},
  year = {2018},
  edition = {First},
  pages = {12--29},
  publisher = {EMBRAPA},
  address = {Bras\'ilia, DF},
  isbn = {978-85-7035-864-6},
  keywords = {febr,RCC,SiBCS},
  language = {Portuguese},
  timestamp = {2020-11-05T22:52:36Z}
}
@article{CasanovaEtAl2016,
  title = {Direct Measurement and Prediction of Bulk Density on Alluvial Soils of Central Chile},
  author = {Casanova, Manuel and Tapia, Elizabeth and Seguel, Oscar and Salazar, Osvaldo},
  year = {2016},
  month = mar,
  volume = {76},
  pages = {105--113},
  publisher = {SciELO Comision Nacional de Investigacion Cientifica Y Tecnologica (CONICYT)},
  doi = {10.4067/s0718-58392016000100015},
  journal = {Chilean Journal of Agricultural Research},
  number = {1},
  timestamp = {2020-07-31T03:18:10Z}
}
@article{Al-ShammaryEtAl2018,
  title = {Soil Bulk Density Estimation Methods: A Review},
  author = {{Al-Shammary}, Ahmed Abed Gatea and Kouzani, Abbas Z. and Kaynak, Akif and Khoo, Sui Yang and Norton, Michael and Gates, Will},
  year = {2018},
  month = aug,
  volume = {28},
  pages = {581--596},
  publisher = {Elsevier BV},
  doi = {10.1016/s1002-0160(18)60034-7},
  journal = {Pedosphere},
  number = {4},
  timestamp = {2020-07-31T03:18:08Z}
}
@incollection{AlmeidaEtAl2017,
  title = {Densidade Do Solo},
  booktitle = {Manual de M\'etodos de An\'alise de Solo},
  author = {de Almeida, Brivaldo Gomes and Viana, Jo{\~a}o Herbert Moreira and Teixeira, Wenceslau Geraldes and Donagemma, Guilherme Kangussu},
  editor = {Teixeira, Paulo C{\'e}sar and Donagemma, Guilherme Kangussu and Fontana, Ademir and Teixeira, Wenceslau Geraldes},
  year = {2017},
  pages = {65--75},
  publisher = {EMBRAPA},
  address = {Bras\'ilia},
  chapter = {8},
  timestamp = {2020-07-31T03:18:10Z}
}
@book{MathieuEtAl1998,
  title = {Analyse Physique Des Sols: M\'ethodes Choisies},
  author = {Mathieu, Cl{\'e}ment and Pieltain, Fran{\c c}oise},
  year = {1998},
  pages = {275},
  publisher = {Lavoisier},
  address = {Paris},
  isbn = {2-7430-0283-2},
  timestamp = {2020-07-31T03:18:08Z}
}
@book{RibeiroEtAl2018,
  title = {World Soil Information Service (WoSIS) - Towards the Standardization and Harmonization of World Soil Data. Procedures Manual 2018},
  author = {Ribeiro, Eloi and Batjes, Niels H. and {van Oostrum}, A. J. M.},
  year = {2018},
  publisher = {ISRIC \textendash{} World Soil Information},
  address = {Wageningen, The Netherlands},
  doi = {10.17027/isric-wdcsoils.20180001},
  keywords = {Data quality,FAIR principles,Harmonization,Inter-operability,ISRIC - World Soil Informationm,Procedures Manual,Profile data,Quality control,Soil,Standardization,WDC-Soils,Web services},
  language = {English},
  owner = {alessandro},
  timestamp = {03.06.2018}
}




