@Article{Florinsky2012,
  author      = {Florinsky, I. V.},
  title       = {The {D}okuchaev hypothesis as a basis for predictive digital soil mapping (on the 125th anniversary of its publication)},
  journal     = {Eurasian Soil Science},
  year        = {2012},
  pages       = {445--451},
  issue       = {4},
  volume      = {45},
  issn        = {1064-2293},
  doi         = {10.1134/S1064229312040047},
  publisher   = {MAIK Nauka/Interperiodica distributed exclusively by Springer Science+Business Media LLC.}
}
@Book{Jenny1941,
  author    = {Hans Jenny},
  title     = {Factors of soil formation -- a system of quantitative pedology},
  year      = {1941},
  publisher = {Dover Publications},
  isbn      = {0-486-68128-9},
  pages     = {281},
  address   = {Toronto}
}
@Article{McBratneyEtAl2003,
  author    = {McBratney, A. B. and Mendon{\c{c}}a-Santos, M. L. and Minasny, B.},
  title     = {On digital soil mapping},
  journal   = {Geoderma},
  year      = {2003},
  pages     = {3--52},
  volume    = {117},
  doi       = {10.1016/S0016-7061(03)00223-4}
}
@Article{McKenzieEtAl1999,
  author    = {Neil J. McKenzie and Philip J. Ryan},
  title     = {Spatial prediction of soil properties using environmental correlation},
  journal   = {Geoderma},
  year      = {1999},
  pages     = {67--94},
  volume    = {89},
  doi       = {10.1016/S0016-7061(98)00137-2}
}
@Book{HastieEtAl2009,
  author    = {Hastie, Trevor and Tibshirani, Robert and Friedman, Jerome},
  title     = {The elements of statistical learning},
  year      = {2009},
  edition   = {2},
  publisher = {Springer},
  pages     = {746},
  address   = {New York}
}
@Article{HenglEtAl2014,
  author    = {Hengl, Tomislav and Jesus, Jorge Mendes de and MacMillan, Robert A. and Batjes, Niels H. and Heuvelink, Gerard B. M. and Ribeiro, Eloi and Samuel-Rosa, Alessandro and Kempen, Bas and Leenaars, Johan G. B. and Walsh, Markus G. and Maria Ruiperez Gonzalez},
  title     = {Soil{G}rids1km--global soil information based on automated mapping},
  journal   = {PLoS ONE},
  year      = {2014},
  number    = {8},
  pages     = {e105992},
  editor    = {Bond-Lamberty, BenEditor},
  volume    = {9},
  doi       = {10.1371/journal.pone.0105992},
  publisher = {Public Library of Science (PLoS)}
}
@Article{Samuel-RosaEtAl2015,
  author   = {Alessandro Samuel-Rosa and Gerard B M Heuvelink and Gustavo Mattos Vasques and L{\'u}cia Helena Cunha Anjos},
  title    = {Do more detailed environmental covariates deliver more accurate soil maps?},
  journal  = {Geoderma},
  year     = {2015},
  pages    = {214--227},
  volume   = {243--244},
  month    = {5},
  doi      = {10.1016/j.geoderma.2014.12.017}
}
@Mastersthesis{Samuel-Rosa2012,
  Title                    = {Fun\c{c}\~{o}es de predi\c{c}\~{a}o espacial de propriedades do solo},
  Address                  = {Santa Maria},
  Author                   = {Samuel-Rosa, Alessandro},
  Pages                    = {201},
  School                   = {Programa de Pós-graduação em Ciência do Solo, Universidade Federal de Santa Maria},
  Year                     = {2012},
  Institution              = {Federal University of Santa Maria},
  URL                      = {http://w3.ufsm.br/ppgcs/}
}
